[gd_scene load_steps=4 format=2]

[ext_resource path="res://lobby.gd" type="Script" id=1]
[ext_resource path="res://montserrat.otf" type="DynamicFontData" id=2]

[sub_resource type="DynamicFont" id=1]
size = 28
outline_size = 1
outline_color = Color( 0, 0, 0, 1 )
font_data = ExtResource( 2 )

[node name="Lobby" type="Control"]
anchor_right = 1.0
anchor_bottom = 1.0
size_flags_horizontal = 2
size_flags_vertical = 2
script = ExtResource( 1 )
__meta__ = {
"_edit_use_anchors_": false
}

[node name="Players" type="Panel" parent="."]
visible = false
anchor_left = 0.5
anchor_top = 0.5
anchor_right = 0.5
anchor_bottom = 0.5
margin_left = -126.0
margin_top = -177.5
margin_right = 126.0
margin_bottom = 177.5
size_flags_horizontal = 2
size_flags_vertical = 2

[node name="Label" type="Label" parent="Players"]
margin_left = 26.0
margin_top = 18.0
margin_right = 142.0
margin_bottom = 32.0
size_flags_horizontal = 2
size_flags_vertical = 0
text = "Awaiting Players..."

[node name="Start" type="Button" parent="Players"]
margin_left = 68.0
margin_top = 307.0
margin_right = 193.0
margin_bottom = 336.0
size_flags_horizontal = 2
size_flags_vertical = 2
text = "START!"

[node name="List" type="ItemList" parent="Players"]
margin_left = 25.0
margin_top = 37.0
margin_right = 229.0
margin_bottom = 296.0
size_flags_horizontal = 2
size_flags_vertical = 2

[node name="Connect" type="Panel" parent="."]
anchor_left = 0.5
anchor_top = 0.5
anchor_right = 0.5
anchor_bottom = 0.5
margin_left = -138.5
margin_top = -83.5
margin_right = 141.5
margin_bottom = 196.5
size_flags_horizontal = 2
size_flags_vertical = 2

[node name="NameLabel" type="Label" parent="Connect"]
margin_left = 15.0
margin_top = 11.0
margin_right = 57.0
margin_bottom = 25.0
size_flags_horizontal = 2
size_flags_vertical = 0
text = "Name:"

[node name="Name" type="LineEdit" parent="Connect"]
margin_left = 15.0
margin_top = 30.0
margin_right = 171.0
margin_bottom = 54.0
size_flags_horizontal = 2
size_flags_vertical = 2
text = "Name"

[node name="IpLabel" type="Label" parent="Connect"]
margin_left = 15.0
margin_top = 70.69
margin_right = 93.0
margin_bottom = 84.69
size_flags_horizontal = 2
size_flags_vertical = 0
text = "IP to Join to:"
__meta__ = {
"_edit_use_anchors_": false
}

[node name="IP" type="LineEdit" parent="Connect"]
margin_left = 15.0
margin_top = 93.254
margin_right = 171.0
margin_bottom = 117.254
size_flags_horizontal = 2
size_flags_vertical = 2
text = "24.94.5.234"
__meta__ = {
"_edit_use_anchors_": false
}

[node name="Host" type="Button" parent="Connect"]
margin_left = 106.127
margin_top = 241.798
margin_right = 171.127
margin_bottom = 261.798
size_flags_horizontal = 2
size_flags_vertical = 2
text = "Host"
__meta__ = {
"_edit_use_anchors_": false
}

[node name="Join" type="Button" parent="Connect"]
margin_left = 187.127
margin_top = 241.798
margin_right = 253.127
margin_bottom = 261.798
size_flags_horizontal = 2
size_flags_vertical = 2
text = "Join"

[node name="ErrorLabel" type="Label" parent="Connect"]
margin_left = 15.0
margin_top = 125.0
margin_right = 257.0
margin_bottom = 139.0
size_flags_horizontal = 2
size_flags_vertical = 0
custom_colors/font_color = Color( 0.820312, 0.291595, 0.291595, 1 )
align = 1

[node name="ErrorDialog" type="AcceptDialog" parent="."]
margin_right = 55.0
margin_bottom = 58.0
size_flags_horizontal = 2
size_flags_vertical = 2

[node name="title" type="Label" parent="."]
margin_left = 179.873
margin_top = 367.72
margin_right = 340.873
margin_bottom = 450.72
custom_fonts/font = SubResource( 1 )
text = "Rocket Derby
Game by: Ryan Toh
"
__meta__ = {
"_edit_use_anchors_": false
}
[connection signal="pressed" from="Players/Start" to="." method="_on_start_pressed"]
[connection signal="pressed" from="Connect/Host" to="." method="_on_host_pressed"]
[connection signal="pressed" from="Connect/Join" to="." method="_on_join_pressed"]
