[gd_scene load_steps=15 format=2]

[ext_resource path="res://player.gd" type="Script" id=1]
[ext_resource path="res://F9.png" type="Texture" id=2]
[ext_resource path="res://montserrat.otf" type="DynamicFontData" id=3]
[ext_resource path="res://camera.gd" type="Script" id=5]
[ext_resource path="res://rocket.ogg" type="AudioStream" id=7]
[ext_resource path="res://boom.ogg" type="AudioStream" id=8]
[ext_resource path="res://sea_boom.ogg" type="AudioStream" id=9]
[ext_resource path="res://whitePuff.png" type="Texture" id=10]

[sub_resource type="PhysicsMaterial" id=1]
friction = 0.8

[sub_resource type="Gradient" id=2]
offsets = PoolRealArray( 0 )
colors = PoolColorArray( 1, 0.886275, 0.466667, 0.278431 )

[sub_resource type="Gradient" id=3]
offsets = PoolRealArray( 0 )
colors = PoolColorArray( 1, 1, 1, 0.0784314 )

[sub_resource type="DynamicFont" id=4]
size = 14
outline_size = 1
outline_color = Color( 0, 0, 0, 1 )
font_data = ExtResource( 3 )

[sub_resource type="Curve" id=5]
_data = [ Vector2( 0, 0.896591 ), 0.0, 0.0, 0, 0, Vector2( 1, 0.614773 ), 0.0, 0.0, 0, 0 ]

[sub_resource type="Gradient" id=6]
offsets = PoolRealArray( 0, 0.517799, 1 )
colors = PoolColorArray( 1, 1, 1, 0.588235, 0.996078, 0.839216, 0, 0.588235, 1, 0, 0, 0.392157 )

[node name="player" type="RigidBody2D"]
physics_material_override = SubResource( 1 )
gravity_scale = 0.35
contacts_reported = 2
contact_monitor = true
can_sleep = false
linear_damp = 0.04
angular_damp = 0.6
script = ExtResource( 1 )

[node name="RCS" type="Node2D" parent="."]

[node name="topright" type="CPUParticles2D" parent="RCS"]
position = Vector2( 5, -50 )
amount = 90
lifetime = 0.1
lifetime_randomness = 0.4
texture = ExtResource( 10 )
spread = 5.0
gravity = Vector2( 0, 0 )
initial_velocity = 600.0
angle = 360.0
angle_random = 1.0
scale_amount = 0.02
color = Color( 1, 1, 1, 0.196078 )

[node name="botright" type="CPUParticles2D" parent="RCS"]
position = Vector2( 5, 20 )
amount = 90
lifetime = 0.1
lifetime_randomness = 0.4
texture = ExtResource( 10 )
spread = 5.0
gravity = Vector2( 0, 0 )
initial_velocity = 600.0
angle = 360.0
angle_random = 1.0
scale_amount = 0.02
color = Color( 1, 1, 1, 0.196078 )

[node name="topleft" type="CPUParticles2D" parent="RCS"]
position = Vector2( -5, -50 )
amount = 90
lifetime = 0.1
lifetime_randomness = 0.4
texture = ExtResource( 10 )
direction = Vector2( -1, 0 )
spread = 5.0
gravity = Vector2( 0, 0 )
initial_velocity = 600.0
angle = 360.0
angle_random = 1.0
scale_amount = 0.02
color = Color( 1, 1, 1, 0.196078 )

[node name="botleft" type="CPUParticles2D" parent="RCS"]
position = Vector2( -5, 20 )
amount = 90
lifetime = 0.1
lifetime_randomness = 0.4
texture = ExtResource( 10 )
direction = Vector2( -1, 0 )
spread = 5.0
gravity = Vector2( 0, 0 )
initial_velocity = 600.0
angle = 360.0
angle_random = 1.0
scale_amount = 0.02
color = Color( 1, 1, 1, 0.196078 )

[node name="smoke" type="CPUParticles2D" parent="RCS"]
position = Vector2( 0, 45 )
emitting = false
amount = 200
lifetime = 0.3
lifetime_randomness = 0.4
texture = ExtResource( 10 )
emission_shape = 2
emission_rect_extents = Vector2( 2.5, 0.5 )
direction = Vector2( 0, 1 )
spread = 7.0
gravity = Vector2( 0, 0 )
initial_velocity = 600.0
damping = 100.0
angle = 360.0
angle_random = 1.0
scale_amount = 0.03
color = Color( 1, 1, 1, 0.196078 )

[node name="thrust_outer" type="CPUParticles2D" parent="RCS"]
position = Vector2( 0, 50 )
amount = 200
lifetime = 0.2
lifetime_randomness = 0.4
emission_shape = 2
emission_rect_extents = Vector2( 2.5, 0.5 )
direction = Vector2( 0, 1 )
spread = 2.0
gravity = Vector2( 0, 0 )
initial_velocity = 600.0
angle = 360.0
angle_random = 1.0
scale_amount = 10.0
color_ramp = SubResource( 2 )

[node name="thrust_inner" type="CPUParticles2D" parent="RCS"]
position = Vector2( 0, 50 )
amount = 100
lifetime = 0.15
lifetime_randomness = 0.4
emission_shape = 2
emission_rect_extents = Vector2( 1, 0.5 )
direction = Vector2( 0, 1 )
spread = 1.0
gravity = Vector2( 0, 0 )
initial_velocity = 600.0
angle = 360.0
angle_random = 1.0
scale_amount = 7.0
color_ramp = SubResource( 3 )

[node name="rocket" type="Sprite" parent="."]
scale = Vector2( 0.055, 0.055 )
texture = ExtResource( 2 )

[node name="shape" type="CollisionPolygon2D" parent="."]
visible = false
polygon = PoolVector2Array( 24, 56, 5.6, 30, 5.6, -56, -5.6, -56, -5.25, 30, -24, 56 )

[node name="label" type="Label" parent="."]
margin_left = -77.8443
margin_top = -87.831
margin_right = 72.1557
margin_bottom = -67.831
rect_pivot_offset = Vector2( 75, 10 )
size_flags_horizontal = 2
size_flags_vertical = 0
custom_fonts/font = SubResource( 4 )
text = "Name"
align = 1
__meta__ = {
"_edit_use_anchors_": false
}

[node name="camera" type="Camera2D" parent="."]
script = ExtResource( 5 )

[node name="audio" type="Node2D" parent="."]

[node name="thrust" type="AudioStreamPlayer2D" parent="audio"]
stream = ExtResource( 7 )
volume_db = -5.0
autoplay = true

[node name="boom" type="AudioStreamPlayer2D" parent="audio"]
stream = ExtResource( 8 )
volume_db = -5.0

[node name="splash" type="AudioStreamPlayer2D" parent="audio"]
stream = ExtResource( 9 )
volume_db = -5.0

[node name="boom" type="CPUParticles2D" parent="."]
emitting = false
amount = 900
lifetime = 0.5
one_shot = true
explosiveness = 0.7
lifetime_randomness = 0.6
local_coords = false
draw_order = 1
texture = ExtResource( 10 )
emission_shape = 2
emission_rect_extents = Vector2( 5, 40 )
spread = 180.0
initial_velocity = 200.0
angular_velocity = 20.0
angular_velocity_random = 1.0
angle = 360.0
angle_random = 1.0
scale_amount = 0.04
scale_amount_random = 0.02
scale_amount_curve = SubResource( 5 )
color_ramp = SubResource( 6 )

[node name="Timer" type="Timer" parent="boom"]
process_mode = 0
wait_time = 0.5
one_shot = true
[connection signal="body_entered" from="." to="." method="_on_player_body_entered"]
[connection signal="body_exited" from="." to="." method="_on_player_body_exited"]
[connection signal="timeout" from="boom/Timer" to="." method="_on_Timer_timeout"]
