[gd_scene load_steps=23 format=2]

[ext_resource path="res://water.png" type="Texture" id=1]
[ext_resource path="res://barge.tscn" type="PackedScene" id=2]
[ext_resource path="res://Score.gd" type="Script" id=3]
[ext_resource path="res://GUI-Kit-Pack-Free_35.png" type="Texture" id=4]
[ext_resource path="res://UI.gd" type="Script" id=5]
[ext_resource path="res://vel_Vec.gd" type="Script" id=6]
[ext_resource path="res://GUI-Kit-Pack-Free_32.png" type="Texture" id=7]
[ext_resource path="res://music.ogg" type="AudioStream" id=8]
[ext_resource path="res://good_ding.ogg" type="AudioStream" id=9]
[ext_resource path="res://montserrat.otf" type="DynamicFontData" id=10]
[ext_resource path="res://BigFont.tres" type="DynamicFont" id=11]
[ext_resource path="res://water.shader" type="Shader" id=12]
[ext_resource path="res://cloud.shader" type="Shader" id=13]
[ext_resource path="res://waves.shader" type="Shader" id=14]

[sub_resource type="DynamicFont" id=1]
size = 30
outline_size = 1
outline_color = Color( 0, 0, 0, 1 )
font_data = ExtResource( 10 )

[sub_resource type="DynamicFont" id=2]
size = 30
outline_size = 1
outline_color = Color( 0, 0, 0, 1 )
font_data = ExtResource( 10 )

[sub_resource type="Gradient" id=3]
offsets = PoolRealArray( 0, 0.5, 1 )
colors = PoolColorArray( 0, 0, 0.196078, 1, 0.407843, 0.694118, 1, 1, 0, 0, 0.196078, 1 )

[sub_resource type="GradientTexture" id=4]
gradient = SubResource( 3 )

[sub_resource type="RectangleShape2D" id=5]
extents = Vector2( 1e+06, 5000 )

[sub_resource type="ShaderMaterial" id=6]
shader = ExtResource( 12 )
shader_param/blue_tint = Color( 0, 0.203922, 0.25098, 1 )
shader_param/sprite_scale = Vector2( 3000, 100 )
shader_param/scale_x = 0.67

[sub_resource type="ShaderMaterial" id=8]
shader = ExtResource( 14 )
shader_param/color = Vector3( 0.35, 0.48, 0.95 )
shader_param/OCTAVES = 4

[sub_resource type="ShaderMaterial" id=7]
shader = ExtResource( 13 )
shader_param/color = Vector3( 0.35, 0.48, 0.55 )
shader_param/OCTAVES = 4

[node name="world" type="Node2D"]

[node name="Timer2" type="Timer" parent="."]
process_mode = 0
one_shot = true

[node name="UI" type="CanvasLayer" parent="."]
script = ExtResource( 5 )

[node name="Score" type="HBoxContainer" parent="UI"]
margin_right = 40.0
margin_bottom = 40.0
script = ExtResource( 3 )
__meta__ = {
"_edit_use_anchors_": false
}

[node name="Help_Popup" type="Panel" parent="UI"]
margin_left = 400.0
margin_top = 100.0
margin_right = 1100.0
margin_bottom = 850.0
__meta__ = {
"_edit_use_anchors_": false
}

[node name="Label" type="Label" parent="UI/Help_Popup"]
margin_left = 25.0
margin_top = 25.0
margin_right = 603.0
margin_bottom = 529.0
custom_fonts/font = ExtResource( 11 )
text = "The Goal is to reach all five barges 
in order before the other players.

Press A and D to rotate the rocket,
space to thrust, and mouse wheel to zoom.

Landing on a barge will refuel the rocket.
Running out of fuel will reset the rocket.

The thin green line points to the next
barge, and the thick line is your velocity.

If the thick line is red, collisions will
destroy the rocket. If it is green, only
collisions with the ocean will destroy
the rocket.

Good luck!"

[node name="Button" type="Button" parent="UI/Help_Popup"]
margin_left = 660.0
margin_right = 700.0
margin_bottom = 42.0
custom_fonts/font = ExtResource( 11 )
text = "X"
__meta__ = {
"_edit_use_anchors_": false
}

[node name="Help" type="Button" parent="UI"]
margin_left = 1100.0
margin_right = 1200.0
margin_bottom = 50.0
custom_fonts/font = ExtResource( 11 )
text = "Help"
__meta__ = {
"_edit_use_anchors_": false
}

[node name="Reset" type="Button" parent="UI"]
margin_left = 800.0
margin_right = 965.0
margin_bottom = 50.0
focus_mode = 0
custom_fonts/font = ExtResource( 11 )
enabled_focus_mode = 0
text = "Reset Ship"
__meta__ = {
"_edit_use_anchors_": false
}

[node name="Winner" type="Label" parent="UI"]
margin_left = 500.0
margin_top = 200.0
margin_right = 540.0
margin_bottom = 214.0
custom_fonts/font = SubResource( 1 )
__meta__ = {
"_edit_use_anchors_": false
}

[node name="Fuel_Reset" type="Label" parent="UI"]
margin_left = 400.0
margin_top = 250.0
margin_right = 742.0
margin_bottom = 288.0
custom_fonts/font = SubResource( 2 )
custom_colors/font_color = Color( 1, 0, 0, 1 )
text = "FUEL OUT!"
__meta__ = {
"_edit_use_anchors_": false
}

[node name="loc" type="Label" parent="UI"]
margin_left = 12.0
margin_top = 60.0
margin_right = 701.0
margin_bottom = 201.0
custom_fonts/font = ExtResource( 11 )
text = "Location"
__meta__ = {
"_edit_use_anchors_": false
}

[node name="vel_Vec" type="Node2D" parent="UI"]
position = Vector2( 600, 450 )
script = ExtResource( 6 )

[node name="refueling" type="Label" parent="UI"]
margin_left = 223.572
margin_top = 262.653
margin_right = 299.572
margin_bottom = 302.653
custom_fonts/font = ExtResource( 11 )
text = "20"

[node name="status" type="Label" parent="UI/refueling"]
margin_left = -206.073
margin_top = -1.46954
margin_right = -5.07266
margin_bottom = 34.5305
custom_fonts/font = ExtResource( 11 )
text = "Fuel Status:"
__meta__ = {
"_edit_use_anchors_": false
}

[node name="bar" type="TextureProgress" parent="UI/refueling"]
margin_left = -205.282
margin_top = 42.8049
margin_right = 67.7184
margin_bottom = 98.8049
rect_scale = Vector2( 1, 0.5 )
step = 0.1
value = 50.0
texture_under = ExtResource( 4 )
texture_progress = ExtResource( 7 )
__meta__ = {
"_edit_use_anchors_": false
}

[node name="music" type="AudioStreamPlayer" parent="UI"]
stream = ExtResource( 8 )
volume_db = -11.0
autoplay = true

[node name="ding" type="AudioStreamPlayer" parent="UI"]
stream = ExtResource( 9 )
volume_db = -5.0

[node name="sky" type="TextureRect" parent="."]
margin_left = 150000.0
margin_top = -20000.0
margin_right = 190000.0
margin_bottom = 280000.0
grow_horizontal = 2
grow_vertical = 2
rect_rotation = 90.0
texture = SubResource( 4 )
expand = true
__meta__ = {
"_edit_use_anchors_": false
}

[node name="Players" type="Node2D" parent="."]

[node name="barges" type="Node2D" parent="."]

[node name="1" parent="barges" instance=ExtResource( 2 )]
position = Vector2( 0, 100 )
label_name = "Barge 1"

[node name="2" parent="barges" instance=ExtResource( 2 )]
position = Vector2( 5000, -5000 )
label_name = "Barge 2"

[node name="3" parent="barges" instance=ExtResource( 2 )]
position = Vector2( 10000, 100 )
label_name = "Barge 3"

[node name="4" parent="barges" instance=ExtResource( 2 )]
position = Vector2( 30000, -25000 )
label_name = "Barge 4"

[node name="5" parent="barges" instance=ExtResource( 2 )]
position = Vector2( 50000, 100 )
label_name = "Barge 5"

[node name="water" type="KinematicBody2D" parent="."]

[node name="CollisionShape2D" type="CollisionShape2D" parent="water"]
visible = false
position = Vector2( 0, 5080 )
shape = SubResource( 5 )

[node name="ocean" type="Sprite" parent="water"]
material = SubResource( 6 )
position = Vector2( 0, 15000 )
scale = Vector2( 3000, 300 )
texture = ExtResource( 1 )

[node name="waves" type="Sprite" parent="water"]
material = SubResource( 8 )
scale = Vector2( 3000, 700 )
texture = ExtResource( 1 )

[node name="cloud" type="Sprite" parent="water"]
visible = false
material = SubResource( 7 )
position = Vector2( 0, -4000 )
scale = Vector2( 50, 30 )
texture = ExtResource( 1 )
[connection signal="timeout" from="Timer2" to="UI" method="_on_Timer2_timeout"]
[connection signal="pressed" from="UI/Help_Popup/Button" to="UI" method="_on_Button_pressed"]
[connection signal="pressed" from="UI/Help" to="UI" method="_on_Help_pressed"]
[connection signal="pressed" from="UI/Reset" to="UI" method="_on_Reset_pressed"]
